@article{albash2018adiabatic,
  title={Adiabatic quantum computation},
  author={Albash, T and Lidar, DA},
  journal={Reviews of Modern Physics},
  volume={90},
  number={1},
  pages={015002},
  year={2018},
  publisher={APS}
}

@article{farhi2000quantum,
  title={Quantum computation by adiabatic evolution},
  author={Farhi, E and Goldstone, J and Gutmann, S and Sipser, M},
  journal={arXiv preprint quant-ph/0001106},
  year={2000}
}

@article{farhi2001quantum,
  title={A quantum adiabatic evolution algorithm applied to random instances of an NP-complete problem},
  author={Farhi, E and Goldstone, J and Gutmann, S and Lapan, J and Lundgren, A and Preda, D},
  journal={Science},
  volume={292},
  number={5516},
  pages={472--475},
  year={2001},
  publisher={American Association for the Advancement of Science}
}

@article{harris2010experimental,
  title={Experimental investigation of an eight-qubit unit cell in a superconducting optimization processor},
  author={Harris, R and Johnson, Mark W and Lanting, T and Berkley, AJ and Johansson, J and Bunyk, P and Tolkacheva, E and Ladizinsky, E and Ladizinsky, N and Oh, T and others},
  journal={Physical Review B},
  volume={82},
  number={2},
  pages={024511},
  year={2010},
  publisher={APS}
}

@article{lucas2014ising,
  title={Ising formulations of many NP problems},
  author={Lucas, A},
  journal={Frontiers in physics},
  pages={5},
  year={2014},
  publisher={Frontiers}
}

@article{harris2018phase,
  title={Phase transitions in a programmable quantum spin glass simulator},
  author={Harris, R and Sato, Y and Berkley, AJ and Reis, M and Altomare, F and Amin, MH and Boothby, K and Bunyk, P and Deng, C and Enderud, C and others},
  journal={Science},
  volume={361},
  number={6398},
  pages={162--165},
  year={2018},
  publisher={American Association for the Advancement of Science}
}

@article{king2022coherent,
  title={Coherent quantum annealing in a programmable 2000-qubit Ising chain},
  author={King, AD and Suzuki, S and Raymond, J and Zucca, A and Lanting, T and Altomare, F and Berkley, Andrew J and Ejtemaee, Sara and Hoskinson, Emile and Huang, Shuiyuan and others},
  journal={arXiv preprint arXiv:2202.05847},
  year={2022}
}

@article{kadowaki1998quantum,
  title={Quantum annealing in the transverse Ising model},
  author={Kadowaki, T and Nishimori, H},
  journal={Physical Review E},
  volume={58},
  number={5},
  pages={5355},
  year={1998},
  publisher={APS}
}

@incollection{feynman2018simulating,
  title={Simulating physics with computers},
  author={Feynman, RP},
  booktitle={Feynman and computation},
  pages={133--153},
  year={2018},
  publisher={CRC Press}
}

@article{deutsch1989quantum,
  title={Quantum computational networks},
  author={Deutsch, DE},
  journal={Proceedings of the Royal Society of London. A. Mathematical and Physical Sciences},
  volume={425},
  number={1868},
  pages={73--90},
  year={1989},
  publisher={The Royal Society London}
}

@online{adiabatic_theorem_wiki,
    author = "Wikipedia",
    title = "Adiabatic theorem",
    url  = "https://en.wikipedia.org/wiki/Adiabatic_theorem",
    addendum = "(accessed: 20.03.2022)",
    keywords = "wikipedia, adiabatic theorem"
}

@online{avoided_crossing_wiki,
    author = "Wikipedia",
    title = "Avoided crossing",
    url  = "https://en.wikipedia.org/wiki/Avoided_crossing",
    addendum = "(accessed: 20.03.2022)",
    keywords = "wikipedia, avoided crossing"
}

@online{EA_wiki,
    author = "Wikipedia",
    title = "Spin Glass",
    url  = "https://en.wikipedia.org/wiki/Spin_glass",
    addendum = "(accessed: 26.03.2022)",
    keywords = "wikipedia, spin glass"
}

@online{anneal_schedule,
    author = "D-Wave Systems",
    title = "D-Wave Annealing implementations and controls",
    url  = "https://docs.dwavesys.com/docs/latest/c\_qpu\_annealing.html",
    addendum = "(accessed: 20.03.2022)",
    keywords = "D-Wave Systems, annealing, controls"
}

@article{arute2019quantum,
  title={Quantum supremacy using a programmable superconducting processor},
  author={Arute, F and Arya, K and Babbush, R and Bacon, D and Bardin, JC and Barends, Rami and Biswas, Rupak and Boixo, Sergio and Brandao, Fernando GSL and Buell, David A and others},
  journal={Nature},
  volume={574},
  number={7779},
  pages={505--510},
  year={2019},
  publisher={Nature Publishing Group}
}

@article{king2021scaling,
  title={Scaling advantage over path-integral Monte Carlo in quantum simulation of geometrically frustrated magnets},
  author={King, AD and Raymond, J and Lanting, T and Isakov, SV and Mohseni, M and Poulin-Lamarre, Gabriel and Ejtemaee, Sara and Bernoudy, William and Ozfidan, Isil and Smirnov, Anatoly Yu and others},
  journal={Nature communications},
  volume={12},
  number={1},
  pages={1--6},
  year={2021},
  publisher={Nature Publishing Group}
}

@article{crosson2021prospects,
  title={Prospects for quantum enhancement with diabatic quantum annealing},
  author={Crosson, EJ and Lidar, DA},
  journal={Nature Reviews Physics},
  volume={3},
  number={7},
  pages={466--489},
  year={2021},
  publisher={Nature Publishing Group}
}

@article{roland2002quantum,
  title={Quantum search by local adiabatic evolution},
  author={Roland, J and Cerf, NJ},
  journal={Physical Review A},
  volume={65},
  number={4},
  pages={042308},
  year={2002},
  publisher={APS}
}

@article{blote2002cluster,
  title={Cluster Monte Carlo simulation of the transverse Ising model},
  author={Bl{\"o}te, HWJ and Deng, Y},
  journal={Physical Review E},
  volume={66},
  number={6},
  pages={066110},
  year={2002},
  publisher={APS}
}

@book{nishimori2001statistical,
  title={Statistical physics of spin glasses and information processing: an introduction},
  author={Nishimori, H},
  number={111},
  year={2001},
  publisher={Clarendon Press}
}

@article{parisi1983order,
  title={Order parameter for spin-glasses},
  author={Parisi, G},
  journal={Physical Review Letters},
  volume={50},
  number={24},
  pages={1946},
  year={1983},
  publisher={APS}
}
