@article{kadowaki1998,
  title={Quantum annealing in the transverse Ising model},
  author={Kadowaki, Tadashi and Nishimori, Hidetoshi},
  journal={Physical Review E},
  volume={58},
  number={5},
  pages={5355},
  year={1998},
  publisher={APS}
}
@article{roland2002,
  title={Quantum search by local adiabatic evolution},
  author={Roland, J{\'e}r{\'e}mie and Cerf, Nicolas J},
  journal={Physical Review A},
  volume={65},
  number={4},
  pages={042308},
  year={2002},
  publisher={APS}
}
@article{harris2010,
  title={Experimental investigation of an eight-qubit unit cell in a superconducting optimization processor},
  author={Harris, Richard and Johnson, Mark W and Lanting, T and Berkley, AJ and Johansson, J and Bunyk, P and Tolkacheva, E and Ladizinsky, E and Ladizinsky, N and Oh, T and others},
  journal={Physical Review B},
  volume={82},
  number={2},
  pages={024511},
  year={2010},
  publisher={APS}
}
@article{hormozi2017nonstoquastic,
  title={Nonstoquastic Hamiltonians and quantum annealing of an Ising spin glass},
  author={Hormozi, Layla and Brown, Ethan W and Carleo, Giuseppe and Troyer, Matthias},
  journal={Physical review B},
  volume={95},
  number={18},
  pages={184416},
  year={2017},
  publisher={APS}
}
@article{ozfidan2020demonstration,
  title={Demonstration of a nonstoquastic hamiltonian in coupled superconducting flux qubits},
  author={Ozfidan, Isil and Deng, Chunqing and Smirnov, AY and Lanting, T and Harris, R and Swenson, L and Whittaker, J and Altomare, F and Babcock, M and Baron, C and others},
  journal={Physical Review Applied},
  volume={13},
  number={3},
  pages={034037},
  year={2020},
  publisher={APS}
}
@article{king2022coherent,
  title={Coherent quantum annealing in a programmable 2,000 qubit Ising chain},
  author={King, Andrew D and Suzuki, Sei and Raymond, Jack and Zucca, Alex and Lanting, Trevor and Altomare, Fabio and Berkley, Andrew J and Ejtemaee, Sara and Hoskinson, Emile and Huang, Shuiyuan and others},
  journal={Nature Physics},
  volume={18},
  number={11},
  pages={1324--1328},
  year={2022},
  publisher={Nature Publishing Group UK London}
}
@article{crosson2021prospects,
  title={Prospects for quantum enhancement with diabatic quantum annealing},
  author={Crosson, EJ and Lidar, DA},
  journal={Nature Reviews Physics},
  volume={3},
  number={7},
  pages={466--489},
  year={2021},
  publisher={Nature Publishing Group UK London}
}
@article{mandra2016strengths,
  title={Strengths and weaknesses of weak-strong cluster problems: A detailed overview of state-of-the-art classical heuristics versus quantum approaches},
  author={Mandra, Salvatore and Zhu, Zheng and Wang, Wenlong and Perdomo-Ortiz, Alejandro and Katzgraber, Helmut G},
  journal={Physical Review A},
  volume={94},
  number={2},
  pages={022337},
  year={2016},
  publisher={APS}
}
@article{aharonov2008adiabatic,
  title={Adiabatic quantum computation is equivalent to standard quantum computation},
  author={Aharonov, Dorit and Van Dam, Wim and Kempe, Julia and Landau, Zeph and Lloyd, Seth and Regev, Oded},
  journal={SIAM Review},
  volume={50},
  number={4},
  pages={755--787},
  year={2008},
  publisher={SIAM}
}
@article{perdomo2012finding,
  title={Finding low-energy conformations of lattice protein models by quantum annealing},
  author={Perdomo-Ortiz, Alejandro and Dickson, Neil and Drew-Brook, Marshall and Rose, Geordie and Aspuru-Guzik, Al{\'a}n},
  journal={Scientific Reports},
  volume={2},
  number={1},
  pages={1--7},
  year={2012},
  publisher={Nature Publishing Group}
}
@article{venturelli2015quantum,
  title={Quantum annealing implementation of job-shop scheduling},
  author={Venturelli, Davide and Marchand, Dominic JJ and Rojo, Galo},
  journal={arXiv preprint arXiv:1506.08479},
  year={2015}
}
@article{martovnak2004quantum,
  title={Quantum annealing of the traveling-salesman problem},
  author={Marto{\v{n}}{\'a}k, Roman and Santoro, Giuseppe E and Tosatti, Erio},
  journal={Physical Review E},
  volume={70},
  number={5},
  pages={057701},
  year={2004},
  publisher={APS}
}
@article{garnerone2012adiabatic,
  title={Adiabatic quantum algorithm for search engine ranking},
  author={Garnerone, Silvano and Zanardi, Paolo and Lidar, Daniel A},
  journal={Physical Review Letters},
  volume={108},
  number={23},
  pages={230506},
  year={2012},
  publisher={APS}
}
@article{barahona1982computational,
  title={On the computational complexity of Ising spin glass models},
  author={Barahona, Francisco},
  journal={Journal of Physics A: Mathematical and General},
  volume={15},
  number={10},
  pages={3241},
  year={1982},
  publisher={IOP Publishing}
}
@article{albash2018adiabatic,
  title={Adiabatic quantum computation},
  author={Albash, Tameem and Lidar, Daniel A},
  journal={Reviews of Modern Physics},
  volume={90},
  number={1},
  pages={015002},
  year={2018},
  publisher={APS}
}
@article{johnson2011quantum,
  title={Quantum annealing with manufactured spins},
  author={Johnson, Mark W and Amin, Mohammad HS and Gildert, Suzanne and Lanting, Trevor and Hamze, Firas and Dickson, Neil and Harris, Richard and Berkley, Andrew J and Johansson, Jan and Bunyk, Paul and others},
  journal={Nature},
  volume={473},
  number={7346},
  pages={194--198},
  year={2011},
  publisher={Nature Publishing Group UK London}
}
@article{ebadi2022quantum,
  title={Quantum optimization of maximum independent set using Rydberg atom arrays},
  author={Ebadi, Sepehr and Keesling, Alexander and Cain, Madelyn and Wang, Tout T and Levine, Harry and Bluvstein, Dolev and Semeghini, Giulia and Omran, Ahmed and Liu, J-G and Samajdar, Rhine and others},
  journal={Science},
  volume={376},
  number={6598},
  pages={1209--1215},
  year={2022},
  publisher={American Association for the Advancement of Science}
}
@article{hauke2020perspectives,
  title={Perspectives of quantum annealing: Methods and implementations},
  author={Hauke, Philipp and Katzgraber, Helmut G and Lechner, Wolfgang and Nishimori, Hidetoshi and Oliver, William D},
  journal={Reports on Progress in Physics},
  volume={83},
  number={5},
  pages={054401},
  year={2020},
  publisher={IOP Publishing}
}
@article{harris2018phase,
  title={Phase transitions in a programmable quantum spin glass simulator},
  author={Harris, Richard and Sato, Yuki and Berkley, Andrew J and Reis, M and Altomare, Fabio and Amin, MH and Boothby, Kelly and Bunyk, P and Deng, C and Enderud, Colin and others},
  journal={Science},
  volume={361},
  number={6398},
  pages={162--165},
  year={2018},
  publisher={American Association for the Advancement of Science}
}
@article{preskill2018quantum,
  title={Quantum computing in the NISQ era and beyond},
  author={Preskill, John},
  journal={Quantum},
  volume={2},
  pages={79},
  year={2018},
  publisher={Verein zur F{\"o}rderung des Open Access Publizierens in den Quantenwissenschaften}
}
@article{bravyi2006complexity,
  title={The complexity of stoquastic local Hamiltonian problems},
  author={Bravyi, Sergey and Divincenzo, David P and Oliveira, Roberto I and Terhal, Barbara M},
  journal={arXiv preprint quant-ph/0606140},
  year={2006}
}
@article{king2024computational,
  title={Computational supremacy in quantum simulation},
  author={King, Andrew D and Nocera, Alberto and Rams, Marek M and Dziarmaga, Jacek and Wiersema, Roeland and Bernoudy, William and Raymond, Jack and Kaushal, Nitin and Heinsdorf, Niclas and Harris, Richard and others},
  journal={arXiv preprint arXiv:2403.00910},
  year={2024}
}
@article{farhi2000quantum,
  title={Quantum computation by adiabatic evolution},
  author={Farhi, Edward and Goldstone, Jeffrey and Gutmann, Sam and Sipser, Michael},
  journal={arXiv preprint quant-ph/0001106},
  year={2000}
}
@article{lucas2014ising,
  title={Ising formulations of many NP problems},
  author={Lucas, Andrew},
  journal={Frontiers in Physics},
  volume={2},
  pages={74887},
  year={2014},
  publisher={Frontiers}
}
@article{huang2020worm,
  title={Worm-algorithm-type simulation of the quantum transverse-field Ising model},
  author={Huang, Chun-Jiong and Liu, Longxiang and Jiang, Yi and Deng, Youjin},
  journal={Physical Review B},
  volume={102},
  number={9},
  pages={094101},
  year={2020},
  publisher={APS}
}
@article{king2023quantum,
  title={Quantum critical dynamics in a 5,000-qubit programmable spin glass},
  author={King, Andrew D and Raymond, Jack and Lanting, Trevor and Harris, Richard and Zucca, Alex and Altomare, Fabio and Berkley, Andrew J and Boothby, Kelly and Ejtemaee, Sara and Enderud, Colin and others},
  journal={Nature},
  volume={617},
  number={7959},
  pages={61--66},
  year={2023},
  publisher={Nature Publishing Group UK London}
}
@article{venuti2016adiabaticity,
  title={Adiabaticity in open quantum systems},
  author={Venuti, Lorenzo Campos and Albash, Tameem and Lidar, Daniel A and Zanardi, Paolo},
  journal={Physical Review A},
  volume={93},
  number={3},
  pages={032118},
  year={2016},
  publisher={APS}
}
@article{king2018observation,
  title={Observation of topological phenomena in a programmable lattice of 1,800 qubits},
  author={King, Andrew D and Carrasquilla, Juan and Raymond, Jack and Ozfidan, Isil and Andriyash, Evgeny and Berkley, Andrew and Reis, Mauricio and Lanting, Trevor and Harris, Richard and Altomare, Fabio and others},
  journal={Nature},
  volume={560},
  number={7719},
  pages={456--460},
  year={2018},
  publisher={Nature Publishing Group UK London}
}
@article{kairys2020simulating,
  title={Simulating the Shastry-Sutherland ising model using quantum annealing},
  author={Kairys, Paul and King, Andrew D and Ozfidan, Isil and Boothby, Kelly and Raymond, Jack and Banerjee, Arnab and Humble, Travis S},
  journal={Phys. Rev. X Quantum},
  volume={1},
  number={2},
  pages={020320},
  year={2020},
  publisher={APS}
}
@article{king2021scaling,
  title={Scaling advantage over path-integral Monte Carlo in quantum simulation of geometrically frustrated magnets},
  author={King, Andrew D and Raymond, Jack and Lanting, Trevor and Isakov, Sergei V and Mohseni, Masoud and Poulin-Lamarre, Gabriel and Ejtemaee, Sara and Bernoudy, William and Ozfidan, Isil and Smirnov, Anatoly Yu and others},
  journal={Nature Communications},
  volume={12},
  number={1},
  pages={1113},
  year={2021},
  publisher={Nature Publishing Group UK London}
}
@article{izquierdo2021testing,
  title={Testing a quantum annealer as a quantum thermal sampler},
  author={Izquierdo, Zoe Gonzalez and Hen, Itay and Albash, Tameem},
  journal={ACM Transactions on Quantum Computing},
  volume={2},
  number={2},
  pages={1--20},
  year={2021},
  publisher={ACM New York, NY, USA}
}